@Book{Shewhart30,
  Title                    = {Economic Control of Quality of Manufactured Product},
  Author                   = {Walter A. Shewhart},
  Publisher                = {MacMillan},
  Year                     = {1931},
  Address                  = {Londres},
  Edition                  = {1},
}
@Book{GeoGeralBrasil,
  Title                    = {Geografia Geral e do Brasil},
  Author                   = {Eustáquio de{ }Sene and João Carlos Moreira},
  Publisher                = {Scipione},
  Year                     = {2010},
  Address                  = {São Paulo},
  Edition                  = {4},
}
@Misc{HistoryQualityJuran,
  Title                    = {The History of Quality},

  Author                   = {{Juran Institute}},
  Year                     = {2020},

  Timestamp                = {2020.03.04},
  Url                      = {https://www.juran.com/blog/the-history-of-quality/},
  Urlaccessdate            = {06 de Fevereiro de 2021}
}
@Article{SQHistory,
  Title                    = {Evolution of service quality management and paradigm shift from product to service orientation},
  Author                   = {Umer Mukhtar and Suleman Anwar and Asim Ilyas},
  Journal                  = {International Journal of Business Forecasting and Marketing Inteligence},
  Year                     = {2017},
  Number                   = {2},
  Volume                   = {3},

  Month                    = {Janeiro},
  Subtitle                 = {A historical review of literature},
}
@Book{ModeloToyota,
  Title                    = {O Modelo Toyota de Excelência em Serviços},
  Subtitle                 = {A Transformação Lean em Organizações de Serviço},
  Author                   = {Jeffrey K. Liker and Karyn Ross},
  Publisher                = {Bookman},
  Year                     = {2019},
  Edition                  = {1},
}
@Misc{ToyotaWay,
  Title                    = {Toyota Way 2001},
  Subtitle                 = {Sharing the Toyota Way Values},
  Author                   = {Toyota},
  Year                     = {2001},
  Url                      = {https://www.toyota-global.com/company/history_of_toyota/75years/data/conditions/philosophy/toyotaway2001.html},
  Urlaccessdate            = {06/02/2021}
}
@Misc{Shostack,
  Title                    = {Designing Services That Deliver},
  Author                   = {G. Lynn Shostack},
  Year                     = {1984},
  Url                      = {https://hbr.org/1984/01/designing-services-that-deliver},
  Urlaccessdate            = {08/02/2021}
}
@Book{AlbrechtLivro1,
  Title                    = {A Única Coisa Que Importa},
  Subtitle                 = {Trazendo o poder do cliente para o centro de sua empresa},
  Author                   = {Karl Albrecht},
  Publisher                = {Pioneira},
  Year                     = {1993},
  Address                  = {São Paulo},
  Edition                  = {1},
}
@Book{AlbrechtLivro2,
  Title                    = {Revolução nos Serviços},
  Subtitle                 = {Como as empresas podem revolucionar a maneira de tratar os seus clientes},
  Author                   = {Karl Albrecht},
  Publisher                = {Pioneira},
  Year                     = {1994},
  Address                  = {São Paulo},
  Edition                  = {4},
}
@Book{AlbrechtSM200,
  Title                    = {Service Management:2000},
  Author                   = {Karl Albrecht},
  Publisher                = {ASTD},
  Year                     = {1999},
  Issue                    = {9901},
  Month                    = {Janeiro},
}
@Book{AlbrechtSA,
  Title                    = {Service America!},
  Subtitle                 = {Doing Business in the New Economy},
  Author                   = {Karl Albrecht and Ron Zemke},
  Publisher                = {Albrecht Publishing Company},
  Year                     = {2004},
  Edition                  = {Special Authors' Edition},
}
@Misc{MetaDicionario,
  Title                    = {meta},
  Author                   = {Michaelis},
  Year                     = {2021},
  Url                      = {https://michaelis.uol.com.br/busca?id=zaNWV},
  Urlaccessdate            = {10 de Fevereiro de 2021}
}
@Book{FalconiDiaADia,
  Title                    = {Gerenciamento da Rotina do Trabalho do Dia a Dia},
  Author                   = {Vicente Falconi Campos},
  Publisher                = {INDG},
  Year                     = {2013},
  Address                  = {Nova Lima},
  Edition                  = {9}
}
@Book{GoldrattMeta,
  Title                    = {A Meta},
  Subtitle                 = {Teoria das Restrições (TOC) aplicada à indústria},
  Author                   = {Eliyahu M. Goldratt and Jeff Cox},
  Publisher                = {Nobel},
  Year                     = {2014},
  Address                  = {Barueri,SP},
  Edition                  = {Comemorativa 30 anos}
}
@Book{Slack,
  Title                    = {Administração da Produção},
  Author                   = {Nigel Slack and Alistair Brandon-Jones and Robert Johnston},
  Publisher                = {Editora Atlas},
  Year                     = {2015},
  Address                  = {São Paulo,SP},
  Edition                  = {4}
}
@Book{Bowersox,
  Title                    = {Gestão Logística da Cadeia de Suprimentos},
  Author                   = {Donald J. Bowersox and David J. Closs and M. Bixby Cooper and John C. Bowersox},
  Publisher                = {AMGH},
  Year                     = {2014},
  Address                  = {Porto Alegre},
  Edition                  = {4}
}
@Article{TblElkington,
  Title                    = {Accounting for the triple bottom line},
  Author                   = {John Elkington},
  Journal                  = {Measuring Business Excellence},
  Year                     = {1998},
  Volume                   = {2},
}
@Article{Rahman,
  Title                    = {Quality management in logistics services},
  Subtitle                 = {A comparison of practices between manufacturing companies and logistics firms in Australia},
  Author                   = {Shams-ur Rahman},
  Journal                  = {Total Quality Management & Business Excellence},
  Year                     = {2008},
  Volume                   = {19},
}
@Article{Parasuraman,
  Title                    = {SERVQUAL: A Multiple-Item Scale for Measuring Consumer Perceptions of Service Quality},
  Author                   = {A. Parasuraman and Valarie A. Zeithaml and Leonard L. Berry},
  Journal                  = {Journal of Retailing},
  Year                     = {1998},
  Volume                   = {64},
}
@Article{Parasuraman2,
  Title                    = {A Conceptual Model of Service Quality and Its Implications for Future Research},
  Author                   = {A. Parasuraman and Valarie A. Zeithaml and Leonard L. Berry},
  Journal                  = {Journal of Marketing},
  Year                     = {1986},
  Volume                   = {49},
}
@Article{KaplanNorton,
  Title                    = {The Balanced Scorecard},
  Subtitle                 = {Measures that drive performance},
  Author                   = {Robert S. Kaplan and David P. Norton},
  Journal                  = {Harvard Business Review},
  Year                     = {1992},
  Volume                   = {2},
  Month                    = {jan,feb}

}

@Article{Bernoulli,
  Title                    = {Exposition of a New Theory on the Measurement of Risk},
  Author                   = {Daniel Bernoulli},
  Journal                  = {Econometrica},
  Year                     = {1954},
  Volume                   = {22},
  Number                   = {1},
  Pages                    = {22-36}

}
@Book{Neumann,
  Title                    = {Theory of Games and Economic Behavior},
  Author                   = {John Von Neumann and Oskar Morgenstern},
  Publisher                = {Princeton University Press},
  Year                     = {1990},
  Edition                  = {6}
}
@Book{Rapoport,
  Title                    = {Two-Person Game Theory},
  Author                   = {Anatol Rapoport},
  Publisher                = {Dover Publications},
  Year                     = {1999},
  Edition                  = {3}
}
@Article{Prospectos,
  Title                    = {Prospect Theory},
  Subtitle                 = {An Analysis of Decision under Risk},
  Author                   = {Daniel Kahneman and Amos Tversky},
  Journal                  = {Econometrica},
  Year                     = {1979},
  Volume                   = {47},
  Number                   = {2},
  Month                    = {mar},
  Pages                    = {262-291}
}
@Book{RapidoEDevagar,
  Title                    = {Rápido e devagar},
  Subtitle                 = {As duas formas de pensar},
  Author                   = {Daniel Kahneman},
  Publisher                = {Objetiva},
  Year                     = {2012}
}
@Book{MCDABelton,
  Title                    = {Multiple Criteria Decision Analysis},
  Subtitle                 = {An Integrated Approach},
  Author                   = {Valerie Belton and Theodor J. Stewart},
  Publisher                = {Springer-Science+Business Media,B.V.},
  Year                     = {2002},
  Edition                  = {1}
}
@Book{MCDARoy,
  Title                    = {Multicriteria Methodology for Decision Aiding},
  Subtitle                 = {Nonconvex Optimization and Its Applications},
  Author                   = {Bernard Roy},
  Publisher                = {Springe-Science+Business Media,B.V.},
  Year                     = {1996},
  Edition                  = {1}
}
@Book{AdielDecisoes,
  Title                    = {Processo de Decisão nas Organizações},
  Subtitle                 = {Construindo modelos de decisão multicritério},
  Author                   = {Adiel Teixeira de{ }Almeida},
  Publisher                = {Atlas},
  Address                  = {São Paulo},
  Year                     = {2013},
  Edition                  = {1}
}
@Book{Nudge,
  Title                    = {Nudge},
  Subtitle                 = {Como tomar melhores decisões sobre saúde, dinheiro e felicidade},
  Author                   = {Richard H. Thaler and Cass R. Sunstein},
  Publisher                = {Objetiva},
  Address                  = {Rio de Janeiro},
  Year                     = {2019},
  Edition                  = {1}
}
@Book{KeeneyRaiffa75,
  Title                    = {Deision with Multiple Objectives},
  Subtitle                 = {Preferences and Value Tradeoffs},
  Author                   = {Ralph L. Keeney and Howard Raiffa},
  Publisher                = {Cambridge University Press},
  Address                  = {Cambridge},
  Year                     = {1993},
  Edition                  = {1}
}
@Article{DMHistory,
  Title                    = {A Brief History of Decision Making},
  Author                   = {Leigh Buchanan and Andrew O'Connell},
  Journal                  = {Harvard Business Review},
  Year                     = {2006},
  Month                    = {jan}
}
@Misc{DecisaoDicionario,
  Title                    = {decisão},
  Author                   = {Michaelis},
  Year                     = {2021},
  Url                      = {https://michaelis.uol.com.br/busca?r=0&f=0&t=0&palavra=decidir},
  Urlaccessdate            = {15 de Fevereiro de 2021}
}
@Article{EconsHumans,
  Title                    = {Econs vs. Humans},
  Subtitle                 = {An Introduction to Behavioral Economics},
  Author                   = {M. Scott Niederjohn and Kim Holder},
  Journal                  = {Social Education},
  Year                     = {2019},
  Volume                   = {83},
  Number                   = {2},
  Pages                    = {94-99}
}
@Article{NonCoop,
  Title                    = {Non-Cooperative Games},
  Author                   = {John Nash},
  Journal                  = {The Annals of Mathematics},
  Year                     = {1951},
  Volume                   = {54},
  Number                   = {2},
  Series                   = {2},
  Pages                    = {286-295}
}
@Article{Bias,
  Title                    = {Judgment under Uncertainty},
  Subtitle                 = {Heuristics and Biases},
  Author                   = {Amos Tversky and Daniel Kahneman},
  Journal                  = {Science},
  Year                     = {1974},
  Volume                   = {185},
  Number                   = {4157},
  Pages                    = {1124-1131}
}
@Online{Seattle,
  Title                    = {Windshield pitting incidents in Washington reach fever pitch on April 15,1954},
  Author                   = {Alan J. Stein},
  Url                      = {https://www.historylink.org/File/5136},
  Publisher                = {HistoryLink.org},
  Year                     = {2003}
}
@Book{AdielGrupo,
  Title                    = {Decisão em grupo e negociação},
  Subtitle                 = {Métodos e Aplicações},
  Author                   = {Adiel Teixeira de{ }Almeida and Danielle Costa Morais and Ana Paula Cabral Seixas Costa and Luciana Hazin Alencar and Suzana de França Dantas Daher},
  Publisher                = {Interciência},
  Address                  = {Rio de Janeiro},
  Year                     = {2019},
  Edition                  = {2}
}
@Book{SaatyThinking,
  Title                    = {Creative Thinking, Problem Solving & Decision Making},
  Author                   = {Thomas L. Saaty},
  Publisher                = {RWS Publications},
  Address                  = {Pittsburgh, PA},
  Year                     = {2010},
  Edition                  = {4}
}
@Book{KeeneyRaiffaDecisoes,
  Title                    = {Decisões Inteligentes},
  Subtitle                 = {Somos movidos a decisões},
  Author                   = {Ralph L. Keeney and Howard Raiffa and John S. Hammond},
  Publisher                = {Alta Books},
  Address                  = {Rio de Janeiro},
  Year                     = {2017},
}
@Book{AdielAplicacoes,
  Title                    = {Aplicações com métodos multicritério de apoio à decisão},
  Author                   = {Adiel Teixeira de{ }Almeida and Ana Paula Cabral Seixas Costa},
  Publisher                = {Editora Universitária UFPE},
  Address                  = {Recife},
  Year                     = {2003},
}
@Conference{InsidWilkson,
  Title                    = {INTEGRATION OF AHP AND TOPSIS METHODS FOR CONTRACTING SOCCER PLAYERS},
  Subtitle                 = {A CASE STUDY IN A POTIGUE CLUB},
  Author                   = {Wilkson Ricardo Silva Castro and Amanda Gomes de Assis and Felliphe Ovidio de Melo Sousa and Alexandre Guilherme Rodrigues Varella and Eric Lucas dos Santos Cabral and Ricardo Pires de Souza and Cláudia Aparecida Cavalheiro Francisco},
  Organization             = {INSID},
  Year                     = {2019},
}
@Article{AdielTradeoff,
  Title                    = {A new method for elicitation of criteria weights in additive models},
  Subtitle                 = {Flexible and interactive tradeoff},
  Author                   = {Adiel Teixeira de{ }Almeida and Jonatas Araujo de{ }Almeida and Ana Paula Cabral Seixas Costa and Adiel Teixeira de{ }Almeida-Filho},
  Journal                  = {European Journal of Operational Research},
  Year                     = {2015},
  Volume                   = {250},
  Issue                    = {1},
  Pages                    = {179-191}

}
@Article{BanaVasnick,
  Title                    = {MACBETH},
  Author                   = {Carlos A. Bana{ }e{ }Costa and Jean-Marie de{ }Corte and Jean-Claude Vansnick},
  Journal                  = {International Journal of Information Technology & Decision Making},
  Year                     = {2012},
  Volume                   = {11},
  Number                   = {2},
  Pages                    = {359-387}
}
@Techreport{CNTRela,
  Title                    = {Boletins Técnicos CNT},
  Author                   = {CNT},
  Institution              = {Confederação Nacional do Transporte - CNT},
  Year                     = {2021},
}
@Techreport{FGVRela,
  Title                    = {Transporte de Medicamentos no Brasil },
  Subtitle                 = {Cenário Atual e Futuro do Setor},
  Author                   = {{FGV Projetos}},
  Institution              = {FGV},
  Year                     = {2016},
}
@Misc{UOL,
  Title                    = {Fazenda diz que greve dos caminhoneiros tirou 1,2 ponto percentual do PIB},
  Subtitle                 = {Cenário Atual e Futuro do Setor},
  Author                   = {Eduardo Laguna},
  Institution              = {UOL},
  Url                      = {https://economia.uol.com.br/noticias/estadao-conteudo/2018/10/15/fazenda-diz-que-greve-dos-caminhoneiros-tirou-12-ponto-porcentual-do-pib.htm},
  Urlaccessdate            = {23 de Fevereiro de 2021},
  Year                     = {2018},
}
@Misc{VideoLauto,
  Title                    = {L'auto Cargo - Apresentação},
  Author                   = {{L'auto Cargo}},
  Url                      = {https://www.youtube.com/watch?v=Gz-pbMUsVVU},
  Urlaccessdate            = {23 de Fevereiro de 2021},
  Year                     = {2020},
}
@Book{Normann,
  Title                    = {Administração de Serviços},
  Subtitle                 = {Estratégia e Liderança na Empresa de Serviços},
  Author                   = {Richard Normann},
  Publisher                = {Atlas},
  Address                  = {São Paulo},
  Year                     = {1993},
}
@Manual{PremiacaoCaminhoneiro,
  Title                    = {Regulamento da 1ª edição do programa de premiação motorista L'auto Cargo Caminhoneiro },
  Author                   = {{L'auto Cargo}},
  Year                     = {2019},
}
@Manual{PremiacaoCarreteiro,
  Title                    = {Regulamento da 1ª edição do programa de premiação motorista L'auto Cargo Carreteiro },
  Author                   = {{L'auto Cargo}},
  Year                     = {2019},
}
@Manual{GestaoDaConsequencia,
  Title                    = {Guia de Gestão da Consequência},
  Author                   = {{L'auto Cargo}},
  Year                     = {2019},
}
@Online{HopkinsDist,
  Author                   = {{HOPKINS DISTRIBUTION COMPANY}},
  Publisher                = {{HOPKINS DISTRIBUTION COMPANY}},
  Title                    = {History of Logistics, Distribution and Supply Chain Management},
  Url                      = {https://www.hdcusa.com/news/history-of-logistics-distribution-and-supply-chain-management/},
  Year                     = {2020},
  Urldate                  = {2021-02-27}
}
@Article{PellegrinoMCDM,
  Title                    = {Multi-criteria decision-making for sustainable metropolitan cities
assessment},
  Author                   = {Raffaele Carli and Mariagrazia Dotoli and Roberta Pellegrino },
  Journal                  = {Journal of Environmental Managemnt},
  Year                     = {2018},
  Volume                   = {226},
  Pages                    = {46-61}
}
@Article{YangMCDM,
  Title                    = {Six-Sigma project selection using national quality award criteria and Delphi
fuzzy multiple criteria decision-making method},
  Author                   = {Taho Yang and Chiung-Hsi Hsieh},
  Journal                  = {Expert Systems with Applications},
  Year                     = {2009},
  Volume                   = {36},
  Number                   = {4},
  Pages                    = {7594-7603}
}
@Article{GiriMCDM,
  Title                    = {Application of analytical hierarchy process for effective selection
of agricultural best management practices},
  Author                   = {Subhasis Giri and A. Pouyan Nejadhashemi},
  Journal                  = {Journal of Environmental Managemnt},
  Year                     = {2014},
  Volume                   = {132},
  Pages                    = {165-177}
}
@Article{UygunMCDM,
  Title                    = {Performance evaluation of green supply chain management using
integrated fuzzy multi-criteria decision making techniques},
  Author                   = {Özer Uygun and Ayse Dede},
  Journal                  = {Computers & Industrial Engineering},
  Year                     = {2016},
  Volume                   = {102},
  Pages                    = {502-511}
}
@Book{MetodologiaYin,
  Title                    = {Estudo de Caso},
  Subtitle                 = {Planejamento e Métodos},
  Author                   = {Robert K. Yin},
  Publisher                = {Booksman},
  Address                  = {São Paulo},
  Year                     = {2003},
  Edition                  = {2},
}
@Book{MetodologiaLakatos,
  Title                    = {Fundamentos de Metodologia Científica},
  Author                   = {Marina de Andrade Marconi and Eva Maria Lakatos},
  Publisher                = {Atlas},
  Address                  = {São Paulo},
  Year                     = {2003},
  Edition                  = {5},
}
@Book{MetodologiaGilComo,
  Title                    = {Como Elaborar Projetos de Pesquisa},
  Author                   = {Antonio Carlos Gil},
  Publisher                = {Atlas},
  Address                  = {São Paulo},
  Year                     = {2002},
  Edition                  = {4},
}
@Book{MetodologiaGilMetodos,
  Title                    = {Métodos e Técnicas de Pesquisa Social},
  Author                   = {Antonio Carlos Gil},
  Publisher                = {Atlas},
  Address                  = {São Paulo},
  Year                     = {2008},
  Edition                  = {6},
}
@Book{MetodologiaCauchick,
  Title                    = {Metodologia de Pesquisa em Engenharia de Produção e Gestão de Operações},
  Author                   = {Paulo Augusto Cauchick-Miguel and Afonso Fleury and Carlos Henrique Pereira Mello and Davi Noboru Nakano and Edson Pinheiro de{ }Lima and João Batista Turrioni and Linda Lee Ho and Reinaldo Morabito and Roberto Antonio Martins},
  Publisher                = {Elsevier},
  Address                  = {São Paulo},
  Year                     = {2018},
  Edition                  = {3},
}
@Book{Chiavenato,
  Title                    = {Planejamento Estratégico},
  Subtitle                 = {Fundamentos e aplicações},
  Author                   = {Idalberto Chiavenato and Arão Sapiro},
  Publisher                = {Elsevier},
  Address                  = {Rio de Janeiro},
  Year                     = {2003}
}
@Book{GestOpServCostaJardim,
  Title                    = {Gestão de Operações de Produção e Serviços},
  Author                   = {Ricardo Sarmento Costa and Eduardo Galvão Moura Jardim},
  Publisher                = {Atlas},
  Year                     = {2017}
}
@Book{NegociationRaiffa,
  Title                    = {The Art and Science of Negotiation},
  Subtitle                 = {How To Resolve Conflicts and Get The Best Out Of Bargaining},
  Author                   = {Howard Raiffa},
  Publisher                = {Harvard University Press},
  Year                     = {2003}
}
@Article{Roy96,
  Title                    = {The European school of MCDA},
  Subtitle                 = {Emergence, basic features and current works},
  Author                   = {Bernard Roy and Daniel Vanderpooten},
  Journal                  = {Journal of Multi-criteria Decision Analysis},
  Year                     = {1996},
  Volume                   = {5},
  Pages                    = {22-38}
}
@Article{Bana94,
  Title                    = {MACBETH},
  Subtitle                 = {An Interactive Path Towards the Construction of Cardinal Value Functions},
  Author                   = {Carlos A. Bana{ }e{ }Costa and Jean-Claude Vansnick},
  Journal                  = {International Transactions in Operational Research},
  Year                     = {1994},
  Volume                   = {1},
  Pages                    = {489-500}
}
@Article{NashCoop,
  Title                    = {Two-Person Cooperative Games},
  Author                   = {John Nash},
  Journal                  = {Econometrica},
  Year                     = {1953},
  Volume                   = {21},
  Pages                    = {128-140}
}
@Misc{RelatorioPMenos,
 Title                     = {Demonstrações Financeiras Padronizadas},
 Author                    = {{Empreendimentos Pague Menos}},
 Publisher                 = {Empreendimentos Pague Menos},
 Company                   = {Empreendimentos Pague Menos},
 Year                      = {2020},
}
@Article{FMEAReview,
  Title                    = {Risk evaluation approaches in failure mode and effects analysis},
  Subtitle                 = {A literature review},
  Author                   = {Hu-Chen Liu and Long Liu and Nan Liu},
  Journal                  = {Expert Systems with Applications},
  Year                     = {2013},
  Volume                   = {40},
  Pages                    = {828-838}
}
@Misc{IPCC,
    Title                   = {2006 IPCC Guidelines for National Greenhouse Gas Inventories},
    Author                  = {H. S. Eggleston and L. Buendia and K. Miwa and T. Ngara and K. Tanabe},
    Place                   = {Japan},
    Year                    = {2006},
    Volume                  = {2}
}
@Misc{ANPCartilha,
    Title                   = {Cartilha do Posto Revendedor de Combustíveis},
    Author                  = {ANP},
    Place                   = {Brasil},
    Year                    = {2017},
    Edition                 = {6}
}
@Misc{NR15,
    Title                   = {NR 15},
    Subtitle                = {Atividades e Operações insalubres},
    Author                  = {{ASSOCIAÇÃO BRASILEIRA DE NORMAS TÉCNICAS}},
    Place                   = {Brasil},
    Year                    = {2002},
}
@Misc{NBR10152,
    Title                   = {NBR 10152},
    Subtitle                = {Níveis de ruído para conforto acústico},
    Author                  = {{ASSOCIAÇÃO BRASILEIRA DE NORMAS TÉCNICAS}},
    Place                   = {Brasil},
    Year                    = {1987},
}
@Online{ortools,
  Title                    = {OR-TOOLS},
  Publisher                = {Google},
  Url                      = {https://developers.google.com/optimization},
  Year                     = {2021},
  Urldate                  = {2020-12-05}
}
@Online{mbethgit,
  Author                   = {Alexandre Varella},
  Title                    = {macbeth},
  Url                      = {https://github.com/varellalexandre/macbeth},
  Year                     = {2020},
  Urldate                  = {2020-12-05}
}
@Online{M-MACBETH,
  Publisher                = {Bana Consulting},
  Title                    = {M-MACBETH},
  Url                      = {http://www.m-macbeth.com/},
  Year                     = {2005},
  Urldate                  = {2020-12-05}
}